@inproceedings{lima-semantics,
  author    = {Lucas Lima and
               Juliano Iyoda and
               Augusto Sampaio},
  title     = {A Formal Semantics for Sequence Diagrams and a Strategy for System
               Analysis},
  booktitle = {{MODELSWARD} 2014 - Proceedings of the 2nd International Conference
               on Model-Driven Engineering and Software Development, Lisbon, Portugal,
               7 - 9 January, 2014},
  pages     = {317--324},
  publisher = {SciTePress},
  year      = 2014,
  url       = {https://doi.org/10.5220/0004711603170324},
  doi       = {10.5220/0004711603170324},
}

@article{psc,
author = {Autili, Marco and Inverardi, Paola and Pelliccione, Patrizio},
year = 2007,
month = 09,
pages = {293-340},
title = {Graphical scenarios for specifying temporal properties: An automated approach},
volume = 14,
journal = {Autom. Softw. Eng.},
doi = {10.1007/s10515-007-0012-6}
}